@online{buch2016ss,
	title = {{K}unst- und {P}lansprachen -- von {E}speranto bis {D}othraki},
	author = {Armin Buch},
	orgainzation = {Universität Tübingen},
	url = {http://www.sfs.uni-tuebingen.de/~abuch/16ss/conlang.html},
	urldate = {2016-07-02},
}

@book{becker2011,
	author = {Carsten Becker},
	title = {A {G}rammar of {A}yeri},
	note = {Entwurf},
	year = {2011},
	url = {http://benung.nfshost.com/grammar},
	urldate = {2016-06-09},
}

@online{benung,
	author = {Carsten Becker},
	title = {Benung},
	subtitle = {The {A}yeri {L}anguage {R}esource},
	year = {2016},
	url = {http://benung.nfshost.com},
	urldate = {2016-06-09},
}

@article{benung:flickingswitches,
	author = {Carsten Becker},
	title = {Flicking {S}witches},
	subtitle = {Ayeri and the {A}ustronesian {A}lignment},
	journaltitle = {Benung},
	journalsubtitle = {The {A}yeri {L}anguage {R}esource},
	date = {2012-06-27},
	url = {http://benung.nfshost.com/archives/2444},
	urldate = {2016-06-09},
}

@article{benung:verbagreement,
	author = {Carsten Becker},
	title = {Verb {A}greement in {A}yeri},
	subtitle = {Bound, {C}litic, or {B}oth?},
	journaltitle = {Benung},
	journalsubtitle = {The {A}yeri {L}anguage {R}esource},
	date = {2016-06-01},
	url = {http://benung.nfshost.com/archives/5909},
	urldate = {2016-06-14},
}

@article{becker2010,
	author = {Carsten Becker},
	title = {The {S}yllable {S}tructure of {A}yeri's {S}tems},
	subtitle = {A {S}tatistical {A}nalysis},
	note = {Entwurf},
	date = {2010-04-03},
	url = {http://benung.nfshost.com/files/frequency.pdf},
	urldate = {2016-06-20},
}

@article{sai:conlangeval,
	author = {Sai Emrys},
	title = {Conlang {E}valuation},
	subtitle = {A {F}ramework for {C}riticism},
	journaltitle = {Conlangs},
	date = {2006-12-16},
	url = {http://conlangs.livejournal.com/339595.html},
	urldate = {2016-06-16},
}

@book{peterson2015,
	author = {David J. Peterson},
	title = {The {A}rt of {L}anguage {I}nvention},
	sorttitle = {Art of Language Invention},
	subtitle = {From {H}orse-{L}ords to {D}ark {E}lves, the {W}ords {B}ehind {W}orld {B}uilding},
	publisher = {Penguin},
	location = {New York},
	year = {2015},
}

@article{benung:syllablestress,
	author = {Carsten Becker},
	title = {Syllable {S}tress {A}llocation in {A}yeri},
	journaltitle = {Benung},
	journalsubtitle = {The {A}yeri {L}anguage {R}esource},
	date = {2011-07-13},
	url = {http://benung.nfshost.com/archives/1239},
	urldate = {2016-06-20},
}

@article{tagatibookg:readme,
	author = {Carsten Becker},
	title = {Tagāti {B}ook {G}},
	subtitle = {A {F}ont for the {T}ahano {H}ikamu {W}riting {S}ystem {E}nabled with {SIL} {G}raphite},
	note = {Datei \enquote{readme.html}},
	journaltitle = {Tagati Book G TTF Font},
	organization = {GitHub},
	url = {https://github.com/carbeck/tagatibookg},
	date = {2012-08-24},
	urldate = {2016-06-21},
}

@online{boga2016,
	author = {Bella Boga and Madita Breuninger and Thora Daneyko and Martina Stama-Kirr},
	title = {Ayeri},
	organization = {Universität Tübingen},
	location = {Tübingen},
	date = {2016-06-30},
	url = {http://www.sfs.uni-tuebingen.de/~abuch/16ss/Referate/Ayeri.pdf},
	urldate = {2016-07-04},
}

@article{benung:happybirthday,
	author = {Carsten Becker},
	title = {Happy 10th {A}nniversary, {A}yeri!},
	journaltitle = {Benung},
	journalsubtitle = {The {A}yeri {L}anguage {R}esource},
	date = {2013-12-01},
	url = {http://benung.nfshost.com/archives/3817},
	urldate = {2016-07-03},
}

@online{strasser:freq,
	author = {Jan Strasser},
	title = {The {F}requentizer},
	version = {0.4 beta},
	date = {2013-06-07},
	url = {http://akana.conlang.org/tools/frequentizer.html},
	urldate = {2016-07-04},
}

@online{becker:kafka:imperial,
	author = {Carsten Becker},
	title = {Imperial {M}essages},
	subtitle = {On {T}ranslating {F}ranz {K}afka's \enquote{{E}ine kaiserliche {B}otschaft} into {A}yeri},
	date = {2012-08-08},
	url = {http://benung.nfshost.com/wp-content/uploads/2012/04/2012-04-07-imperial-messages.pdf},
	urldate = {2016-07-04},
}
	